@Online{Singh2021,
  author  = {Adarsh Pal Singh and Dr. Sachin Chaudhari},
  date    = {2021-01-16},
  title   = {Room Occupancy Estimation Data Set},
  url     = {https://archive.ics.uci.edu/ml/datasets/Room+Occupancy+Estimation},
  urldate = {2022-09-23},
}

@Article{Singh2018,
  author       = {Adarsh Pal Singh and Vivek Jain and Sachin Chaudhari and Frank Alexander Kraemer and Stefan Werner and Vishal Garg},
  date         = {2018},
  journaltitle = {IEEE Globecom Workshops},
  title        = {Machine Learning-Based Occupancy Estimation Using Multivariate Sensor Nodes},
}

@Article{scikit-learn,
  author  = {Pedregosa, F. and Varoquaux, G. and Gramfort, A. and Michel, V. and Thirion, B. and Grisel, O. and Blondel, M. and Prettenhofer, P. and Weiss, R. and Dubourg, V. and Vanderplas, J. and Passos, A. and Cournapeau, D. and Brucher, M. and Perrot, M. and Duchesnay, E.},
  title   = {Scikit-learn: Machine Learning in {P}ython},
  pages   = {2825--2830},
  volume  = {12},
  journal = {Journal of Machine Learning Research},
  year    = {2011},
}

@Software{pandas,
  author    = {The pandas development team},
  title     = {pandas-dev/pandas: Pandas},
  doi       = {10.5281/zenodo.3509134},
  url       = {https://doi.org/10.5281/zenodo.3509134},
  version   = {latest},
  month     = feb,
  publisher = {Zenodo},
  year      = {2020},
}

@Article{numpy,
  author    = {Charles R. Harris and K. Jarrod Millman and St{\'{e}}fan J. van der Walt and Ralf Gommers and Pauli Virtanen and David Cournapeau and Eric Wieser and Julian Taylor and Sebastian Berg and Nathaniel J. Smith and Robert Kern and Matti Picus and Stephan Hoyer and Marten H. van Kerkwijk and Matthew Brett and Allan Haldane and Jaime Fern{\'{a}}ndez del R{\'{i}}o and Mark Wiebe and Pearu Peterson and Pierre G{\'{e}}rard-Marchant and Kevin Sheppard and Tyler Reddy and Warren Weckesser and Hameer Abbasi and Christoph Gohlke and Travis E. Oliphant},
  title     = {Array programming with {NumPy}},
  doi       = {10.1038/s41586-020-2649-2},
  number    = {7825},
  pages     = {357--362},
  url       = {https://doi.org/10.1038/s41586-020-2649-2},
  volume    = {585},
  journal   = {Nature},
  month     = sep,
  publisher = {Springer Science and Business Media {LLC}},
  year      = {2020},
}

@Article{seaborn,
  author    = {Michael L. Waskom},
  title     = {seaborn: statistical data visualization},
  doi       = {10.21105/joss.03021},
  number    = {60},
  pages     = {3021},
  url       = {https://doi.org/10.21105/joss.03021},
  volume    = {6},
  journal   = {Journal of Open Source Software},
  publisher = {The Open Journal},
  year      = {2021},
}

@Article{matplotlib,
  author    = {Hunter, J. D.},
  title     = {Matplotlib: A 2D graphics environment},
  doi       = {10.1109/MCSE.2007.55},
  number    = {3},
  pages     = {90--95},
  volume    = {9},
  abstract  = {Matplotlib is a 2D graphics package used for Python for
  application development, interactive scripting, and publication-quality
  image generation across user interfaces and operating systems.},
  journal   = {Computing in Science \& Engineering},
  publisher = {IEEE COMPUTER SOC},
  year      = {2007},
}

@Comment{jabref-meta: databaseType:biblatex;}
